

@Manual{citeR,
    title = {{R: A Language and Environment for Statistical Computing}},
    author = {{R Core Team}},
    organization = {R Foundation for Statistical Computing},
    address = {Vienna, Austria},
    year = {2023},
    url = {https://www.R-project.org/},
  }
  
@Misc{climateperceptionstudy,
  title = {Climate Perception Study},
  author = {{City of Toronto}},
  howpublished = {\url{https://open.toronto.ca/dataset/climate-perception-study/}},
  year = {2024},
  note = {Accessed: 6 Novemeber 2024},
}

@Misc{opendatatoronto,
  title = {Open Data Toronto},
  howpublished = {\url{https://open.toronto.ca/}},
  year = {2024},
  note = {Accessed: 6 November 2024},
}
  
@Misc{IPCC2023,
  title = {Climate Change 2023: The Physical Science Basis},
  author = {{Intergovernmental Panel on Climate Change (IPCC)}},
  year = {2023},
  note = {Accessed: 2 December 2024},
  url = {https://www.ipcc.ch/report/ar6/wg1/},
}

@Book{Gifford2011,
  title = {The Dragons of Inaction: Psychological Barriers That Limit Climate Change Mitigation and Adaptation},
  author = {Gifford, R.},
  year = {2011},
  publisher = {American Psychologist},
  journal = {American Psychologist},
  volume = {66},
  number = {4},
  pages = {290--302},
}

@Article{Kollmuss2002,
  title = {Mind the Gap: Why Do People Act Environmentally and What Are the Barriers to Pro-environmental Behavior?},
  author = {Kollmuss, A. and Agyeman, J.},
  year = {2002},
  journal = {Environmental Education Research},
  volume = {8},
  number = {3},
  pages = {239--260},
  doi = {10.1080/13504620220145401},
}

@Article{Steg2014,
  title = {Environmental Psychology: An Introduction},
  author = {Steg, L., van den Berg, A. E., & de Groot, J. I. M.},
  year = {2014},
  journal = {Psychology Press},
  doi = {10.4324/9780203383453},
}

@Article{Schultz2002,
  title = {Knowledge, Information, and Household Recycling: Examining the Knowledge-Behavior Relationship},
  author = {Schultz, P. W.},
  year = {2002},
  journal = {Environment and Behavior},
  volume = {34},
  number = {3},
  pages = {344--372},
  doi = {10.1177/001391602400773004},
}

@Article{Fulton2022,
  title = {Demographic Determinants of Climate Action: How Age and Education Shape Environmental Engagement},
  author = {Fulton, A., Delaney, L., & Pohlmann, L.},
  year = {2022},
  journal = {Environmental Politics},
  volume = {31},
  number = {4},
  pages = {1--19},
  doi = {10.1080/09644016.2022.2011789},
}

@Article{Lee2019,
  title = {Older Adults and Their Engagement with Climate Change: A Study of Barriers to Action},
  author = {Lee, J. H., Zhao, H., & Chen, S.},
  year = {2019},
  journal = {Journal of Environmental Psychology},
  volume = {65},
  pages = {101345},
  doi = {10.1016/j.jenvp.2019.101345},
}

@Article{Stern2000,
  title = {Toward a Coherent Theory of Environmentally Significant Behavior},
  author = {Stern, P. C.},
  year = {2000},
  journal = {Journal of Social Issues},
  volume = {56},
  number = {3},
  pages = {407--424},
  doi = {10.1111/0022-4537.00175},
}

@Manual{tidyverse,
  title = {tidyverse: Easily Install and Load the 'Tidyverse'},
  author = {Hadley Wickham and Mara Averick and others},
  year = {2024},
  note = {R package version 2.0.0},
  url = {https://CRAN.R-project.org/package=tidyverse},
}

@Manual{dplyr,
  title = {dplyr: A Grammar of Data Manipulation},
  author = {Hadley Wickham and Romain Fran√ßois and others},
  year = {2024},
  note = {R package version 1.1.2},
  url = {https://CRAN.R-project.org/package=dplyr},
}

@Manual{readr,
  title = {readr: Read Rectangular Text Data},
  author = {Hadley Wickham and Jim Hester and others},
  year = {2024},
  note = {R package version 2.1.4},
  url = {https://CRAN.R-project.org/package=readr},
}

@Manual{httr,
  title = {httr: Tools for Working with URLs and HTTP},
  author = {Hadley Wickham},
  year = {2024},
  note = {R package version 1.4.6},
  url = {https://CRAN.R-project.org/package=httr},
}

@Manual{readxl,
  title = {readxl: Read Excel Files},
  author = {Hadley Wickham and Jennifer Bryan},
  year = {2024},
  note = {R package version 1.4.4},
  url = {https://CRAN.R-project.org/package=readxl},
}

@Manual{openxlsx,
  title = {openxlsx: Read, Write, and Edit xlsx Files},
  author = {Alexander Walker and others},
  year = {2024},
  note = {R package version 5.1.1},
  url = {https://CRAN.R-project.org/package=openxlsx},
}

@Manual{arrow,
  title = {arrow: Interface to the Apache Arrow Columnar Format},
  author = {Neal Richardson and others},
  year = {2024},
  note = {R package version 13.0.0},
  url = {https://CRAN.R-project.org/package=arrow},
}

@Manual{forcats,
  title = {forcats: Tools for Working with Categorical Variables (Factors)},
  author = {Hadley Wickham},
  year = {2024},
  note = {R package version 1.0.0},
  url = {https://CRAN.R-project.org/package=forcats},
}

@Manual{knitr,
  title = {knitr: A General-Purpose Package for Dynamic Report Generation in R},
  author = {Yihui Xie},
  year = {2024},
  note = {R package version 1.42},
  url = {https://CRAN.R-project.org/package=knitr},
}

@Manual{tidyr,
  title = {tidyr: Tidy Messy Data},
  author = {Hadley Wickham and Lionel Henry and others},
  year = {2024},
  note = {R package version 1.4.0},
  url = {https://CRAN.R-project.org/package=tidyr},
}

@Manual{stringr,
  title = {stringr: Simple, Consistent Wrappers for Common String Operations},
  author = {Hadley Wickham},
  year = {2024},
  note = {R package version 1.5.0},
  url = {https://CRAN.R-project.org/package=stringr},
}

@Manual{rpart,
  title = {rpart: Recursive Partitioning and Regression Trees},
  author = {Therneau, Terry and Atkinson, Beth},
  year = {2024},
  note = {R package version 4.1-16},
  url = {https://cran.r-project.org/package=rpart}
}

@Manual{partykit,
  title = {partykit: A Toolkit for Recursive Partytioning},
  author = {Torsten Hothorn and Achim Zeileis},
  year = {2024},
  note = {R package version 1.2-15},
  url = {https://cran.r-project.org/package=partykit}
}

@Manual{testthat,
  title = {testthat: Unit Testing for R},
  author = {Hadley Wickham and others},
  year = {2024},
  note = {R package version 3.1.10},
  url = {https://CRAN.R-project.org/package=testthat},
}

@Manual{ggplot2,
  title = {ggplot2: Create Elegant Data Visualisations Using the Grammar of Graphics},
  author = {Hadley Wickham and others},
  year = {2024},
  note = {R package version 3.4.4},
  url = {https://CRAN.R-project.org/package=ggplot2},
}

@Manual{kableExtra,
  title = {kableExtra: Construct Complex Table with 'kable' and Pipe Syntax},
  author = {Hao Zhu},
  year = {2024},
  note = {R package version 1.3.4},
  url = {https://CRAN.R-project.org/package=kableExtra},
}

@Manual{tinytable,
  title = {tinytable: Create Compact Tables for Analysis and Reporting},
  author = {Tomas Mikolas},
  year = {2024},
  note = {R package version 0.2.0},
  url = {https://CRAN.R-project.org/package=tinytable},
}
